<collection xmlns="http://www.loc.gov/MARC21/slim"><record><leader>00894nam  2200289   450</leader><controlfield tag="001">338</controlfield><controlfield tag="003">http://montalegre.opacnet.com/OPAC/default.aspx?ContentAreaControl=ShowRegHoldings.ascx&amp;RegNo=16662</controlfield><datafield tag="010" ind1=" " ind2=" "><subfield code="a">972-662-164-X</subfield></datafield><datafield tag="021" ind1=" " ind2=" "><subfield code="a">PT</subfield><subfield code="b">35329/90</subfield></datafield><datafield tag="095" ind1=" " ind2=" "><subfield code="a">PTBN00261172</subfield></datafield><datafield tag="100" ind1=" " ind2=" "><subfield code="a">19901015d1990    m  y0pory010305  ba</subfield></datafield><datafield tag="101" ind1="1" ind2=" "><subfield code="a">por</subfield><subfield code="c">eng</subfield></datafield><datafield tag="102" ind1=" " ind2=" "><subfield code="a">PT</subfield></datafield><datafield tag="105" ind1=" " ind2=" "><subfield code="a">y   z   000ay</subfield></datafield><datafield tag="106" ind1=" " ind2=" "><subfield code="a">r</subfield></datafield><datafield tag="200" ind1="1" ind2=" "><subfield code="a">Dardo</subfield><subfield code="f">Dick Francis</subfield><subfield code="g">trad. Maria Georgina Segurado</subfield><subfield code="g">rev. Manuel Joaquim Vieira</subfield></datafield><datafield tag="205" ind1=" " ind2=" "><subfield code="a">1ª ed</subfield></datafield><datafield tag="210" ind1=" " ind2=" "><subfield code="a">Lisboa</subfield><subfield code="c">Gradiva</subfield><subfield code="d">1990</subfield></datafield><datafield tag="215" ind1=" " ind2=" "><subfield code="a">279 p.</subfield><subfield code="d">21 cm</subfield></datafield><datafield tag="225" ind1="2" ind2=" "><subfield code="a">Não incomode</subfield><subfield code="v">28)</subfield></datafield><datafield tag="304" ind1=" " ind2=" "><subfield code="a">Tít. orig.: Bolt</subfield></datafield><datafield tag="675" ind1=" " ind2=" "><subfield code="a">820-312.4"19"</subfield><subfield code="v">BN</subfield><subfield code="z">por</subfield></datafield><datafield tag="700" ind1=" " ind2="1"><subfield code="a">Francis</subfield><subfield code="b">Dick</subfield></datafield><datafield tag="702" ind1=" " ind2="1"><subfield code="a">Segurado</subfield><subfield code="b">Maria Georgina</subfield><subfield code="4">730</subfield></datafield><datafield tag="702" ind1=" " ind2="1"><subfield code="a">Vieira</subfield><subfield code="b">Manuel Joaquim</subfield><subfield code="4">640</subfield></datafield><datafield tag="801" ind1=" " ind2="0"><subfield code="a">PT</subfield><subfield code="b">Biblioteca Municipal de Montalegre</subfield><subfield code="g">RPC</subfield></datafield><datafield tag="856" ind1=" " ind2=" "><subfield code="u">locateMedia.asp?cod=20060511154840&amp;ext=jpg</subfield><subfield code="z">CAPA</subfield></datafield><datafield tag="909" ind1="&#9;" ind2=" "><subfield code="a">1</subfield></datafield><datafield tag="966" ind1=" " ind2=" "><subfield code="a">0008689</subfield><subfield code="l">BMM</subfield><subfield code="s">SCG 82-312.4 FRA dar 28</subfield></datafield></record></collection>